%% This BibTeX bibliography file was created using BibDesk.
%% http://bibdesk.sourceforge.net/

%% Created for Gunnar Diestmann at 2019-05-26 20:31:19 +0200 


%% Saved with string encoding Unicode (UTF-8) 



@mastersthesis{Trunkel,
	Author = {Bernhard Tr{\"u}nkle},
	Date-Added = {2019-05-26 20:26:28 +0200},
	Date-Modified = {2019-05-26 20:28:37 +0200},
	School = {Institut f{\"u}r Mess- und Regelungstechnik, Karlsruher Institute f{\"u}r Technologie},
	Title = {Entwurf und Parameteroptimierung eines Kostenfunktionals f{\"u}r die Trajektorienplanung von automatisierten Fahrzeugen},
	Year = {2018}}

@inproceedings{Naumann2018,
	Author = {Naumann, Maximilian and Lauer, Martin and Stiller, Christoph},
	Booktitle = {2018 21st International Conference on Intelligent Transportation Systems (ITSC)},
	Date-Added = {2019-05-24 16:09:13 +0200},
	Date-Modified = {2019-05-24 16:09:24 +0200},
	Organization = {IEEE},
	Pages = {575--582},
	Title = {Generating Comfortable, Safe and Comprehensible Trajectories for Automated Vehicles in Mixed Traffic},
	Year = {2018}}

@webpage{HaidNeuMaps,
	Date-Added = {2019-05-24 13:14:24 +0200},
	Date-Modified = {2019-05-24 13:15:20 +0200},
	Lastchecked = {2019-05-24},
	Url = {https://www.google.de/maps/place/Haid-und-Neu-Stra√üe,+76131+Karlsruhe/@49.0162371,8.4358527,521m/data=!3m1!1e3!4m5!3m4!1s0x479707d51d17bb95:0xfd773b86351ec7bf!8m2!3d49.0164625!4d8.437736},
	Bdsk-Url-1 = {https://www.google.de/maps/place/Haid-und-Neu-Stra%C3%9Fe,+76131+Karlsruhe/@49.0162371,8.4358527,521m/data=!3m1!1e3!4m5!3m4!1s0x479707d51d17bb95:0xfd773b86351ec7bf!8m2!3d49.0164625!4d8.437736}}

@webpage{ETTC,
	Date-Added = {2019-05-19 09:19:38 +0200},
	Date-Modified = {2019-05-19 09:21:26 +0200},
	Keywords = {ETTC},
	Lastchecked = {19.05.2019},
	Url = {https://www.iso.org/obp/ui/#iso:std:iso:15623:ed-2:v1:en},
	Bdsk-Url-1 = {https://www.iso.org/obp/ui/#iso:std:iso:15623:ed-2:v1:en}}

@inproceedings{Poggenhans2018,
	Author = {Poggenhans, Fabian and Pauls, Jan-Hendrik and Janosovits, Johannes and Orf, Stefan and Naumann, Maximilian and Kuhnt, Florian and Mayr, Matthias},
	Booktitle = {2018 21st International Conference on Intelligent Transportation Systems (ITSC)},
	Date-Added = {2019-05-17 19:50:36 +0200},
	Date-Modified = {2019-05-17 19:50:47 +0200},
	Organization = {IEEE},
	Pages = {1672--1679},
	Title = {Lanelet2: A high-definition map framework for the future of automated driving},
	Year = {2018}}

@phdthesis{Gnatzig2015,
	Author = {Gnatzig, Sebastian},
	Date-Added = {2019-05-14 10:54:37 +0200},
	Date-Modified = {2019-05-14 10:54:52 +0200},
	School = {Technische Universit{\"a}t M{\"u}nchen},
	Title = {Trajektorienbasierte teleoperation von stra{\ss}enfahrzeugen auf basis eines shared-control-ansatzes},
	Year = {2015}}

@article{Mcnau2011,
	Author = {McNaughton, Matthew},
	Date-Added = {2019-05-14 10:53:34 +0200},
	Date-Modified = {2019-05-14 10:53:52 +0200},
	Title = {Parallel algorithms for real-time motion planning},
	Year = {2011}}

@article{Sporrer1998,
	Author = {Sporrer, A and Prell, G and Buck, J and Schaible, S},
	Date-Added = {2019-05-11 14:50:48 +0200},
	Date-Modified = {2019-05-11 14:50:59 +0200},
	Journal = {Verkehrsunfall und Fahrzeugtechnik},
	Number = {3},
	Title = {Realsimulation von spurwechselvorg{\"a}ngen im stra{\ss}enverkehr},
	Volume = {36},
	Year = {1998}}

@book{Treiber2010,
	Author = {Treiber, Martin and Kesting, Arne},
	Date-Added = {2019-05-09 13:27:45 +0200},
	Date-Modified = {2019-05-09 13:28:00 +0200},
	Publisher = {Springer-Verlag},
	Title = {Verkehrsdynamik und-simulation: Daten, Modelle und Anwendungen der Verkehrsflussdynamik},
	Year = {2010}}

@article{Treiber2000,
	Author = {Treiber, Martin and Hennecke, Ansgar and Helbing, Dirk},
	Date-Added = {2019-05-08 13:54:16 +0200},
	Date-Modified = {2019-05-08 13:54:26 +0200},
	Journal = {Physical review E},
	Number = {2},
	Pages = {1805},
	Publisher = {APS},
	Title = {Congested traffic states in empirical observations and microscopic simulations},
	Volume = {62},
	Year = {2000}}

@article{Lefevre2014,
	Author = {Lef{\`e}vre, St{\'e}phanie and Vasquez, Dizan and Laugier, Christian},
	Date-Added = {2019-05-08 11:05:53 +0200},
	Date-Modified = {2019-05-08 11:06:05 +0200},
	Journal = {ROBOMECH journal},
	Number = {1},
	Pages = {1},
	Publisher = {Nature Publishing Group},
	Title = {A survey on motion prediction and risk assessment for intelligent vehicles},
	Volume = {1},
	Year = {2014}}

@inproceedings{Hermes2009,
	Author = {Hermes, Christoph and Wohler, Christian and Schenk, Konrad and Kummert, Franz},
	Booktitle = {2009 IEEE intelligent vehicles symposium},
	Date-Added = {2019-05-08 10:59:14 +0200},
	Date-Modified = {2019-05-08 10:59:26 +0200},
	Organization = {IEEE},
	Pages = {652--657},
	Title = {Long-term vehicle motion prediction},
	Year = {2009}}

@inproceedings{Hubmann2018,
	Author = {Hubmann, Constantin and Schulz, Jens and Xu, Gavin and Althoff, Daniel and Stiller, Christoph},
	Booktitle = {2018 21st International Conference on Intelligent Transportation Systems (ITSC)},
	Date-Added = {2019-05-06 14:34:28 +0200},
	Date-Modified = {2019-05-06 14:34:37 +0200},
	Organization = {IEEE},
	Pages = {1617--1624},
	Title = {A Belief State Planner for Interactive Merge Maneuvers in Congested Traffic},
	Year = {2018}}

@inproceedings{Julian2015,
	Author = {Julian, Eggert and Damerow, Florian},
	Booktitle = {2015 IEEE 18th International Conference on Intelligent Transportation Systems},
	Date-Added = {2019-05-06 14:22:19 +0200},
	Date-Modified = {2019-05-06 14:22:30 +0200},
	Organization = {IEEE},
	Pages = {1747--1754},
	Title = {Complex lane change behavior in the foresighted driver model},
	Year = {2015}}

@article{Kesting2007,
	Author = {Kesting, Arne and Treiber, Martin and Helbing, Dirk},
	Date-Added = {2019-05-06 14:04:55 +0200},
	Date-Modified = {2019-05-06 14:05:07 +0200},
	Journal = {Transportation Research Record},
	Number = {1},
	Pages = {86--94},
	Publisher = {SAGE Publications Sage CA: Los Angeles, CA},
	Title = {General lane-changing model MOBIL for car-following models},
	Volume = {1999},
	Year = {2007}}

@inproceedings{Wei2013,
	Author = {Wei, Junqing and Dolan, John M and Litkouhi, Bakhtiar},
	Booktitle = {2013 IEEE Intelligent Vehicles Symposium (IV)},
	Date-Added = {2019-05-06 11:13:35 +0200},
	Date-Modified = {2019-05-06 11:13:45 +0200},
	Organization = {IEEE},
	Pages = {201--207},
	Title = {Autonomous vehicle social behavior for highway entrance ramp management},
	Year = {2013}}

@inproceedings{Ulbrich2015towards,
	Author = {Ulbrich, Simon and Maurer, Markus},
	Booktitle = {2015 IEEE 18th International Conference on Intelligent Transportation Systems},
	Date-Added = {2019-05-06 11:11:55 +0200},
	Date-Modified = {2019-05-06 11:12:08 +0200},
	Organization = {IEEE},
	Pages = {989--995},
	Title = {Towards tactical lane change behavior planning for automated vehicles},
	Year = {2015}}

@article{Gipps1986,
	Author = {Gipps, Peter G},
	Date-Added = {2019-05-06 10:20:37 +0200},
	Date-Modified = {2019-05-06 10:20:48 +0200},
	Journal = {Transportation Research Part B: Methodological},
	Number = {5},
	Pages = {403--414},
	Publisher = {Elsevier},
	Title = {A model for the structure of lane-changing decisions},
	Volume = {20},
	Year = {1986}}

@article{Toledo2003,
	Author = {Toledo, Tomer and Koutsopoulos, Haris N and Ben-Akiva, Moshe E},
	Date-Added = {2019-05-06 10:06:04 +0200},
	Date-Modified = {2019-05-06 10:06:21 +0200},
	Journal = {Transportation Research Record},
	Number = {1},
	Pages = {30--38},
	Publisher = {SAGE Publications Sage CA: Los Angeles, CA},
	Title = {Modeling integrated lane-changing behavior},
	Volume = {1857},
	Year = {2003}}

@article{Yang1996,
	Author = {Yang, Qi and Koutsopoulos, Haris N},
	Date-Added = {2019-05-06 10:05:10 +0200},
	Date-Modified = {2019-05-06 10:05:21 +0200},
	Journal = {Transportation Research Part C: Emerging Technologies},
	Number = {3},
	Pages = {113--129},
	Publisher = {Elsevier},
	Title = {A microscopic traffic simulator for evaluation of dynamic traffic management systems},
	Volume = {4},
	Year = {1996}}

@inproceedings{Ziegler2009,
	Author = {Ziegler, Julius and Stiller, Christoph},
	Booktitle = {2009 IEEE/RSJ International Conference on Intelligent Robots and Systems},
	Date-Added = {2019-05-02 15:30:48 +0200},
	Date-Modified = {2019-05-02 15:31:01 +0200},
	Organization = {IEEE},
	Pages = {1879--1884},
	Title = {Spatiotemporal state lattices for fast trajectory planning in dynamic on-road driving scenarios},
	Year = {2009}}

@article{Weise2009,
	Author = {Weise, Thomas},
	Date-Added = {2019-05-02 15:08:00 +0200},
	Date-Modified = {2019-05-02 15:08:13 +0200},
	Journal = {Self-Published Thomas Weise},
	Title = {Global optimization algorithms-theory and application},
	Year = {2009}}

@inproceedings{Zhang2013,
	Author = {Zhang, Sumin and Deng, Weiwen and Zhao, Qingrong and Sun, Hao and Litkouhi, Bakhtiar},
	Booktitle = {2013 IEEE International Conference on Systems, Man, and Cybernetics},
	Date-Added = {2019-05-02 13:34:44 +0200},
	Date-Modified = {2019-05-02 13:34:57 +0200},
	Organization = {IEEE},
	Pages = {4161--4166},
	Title = {Dynamic trajectory planning for vehicle autonomous driving},
	Year = {2013}}

@article{Kant1986,
	Author = {Kant, Kamal and Zucker, Steven W},
	Date-Added = {2019-05-02 11:12:32 +0200},
	Date-Modified = {2019-05-02 11:13:04 +0200},
	Journal = {The international journal of robotics research},
	Number = {3},
	Pages = {72--89},
	Publisher = {Sage Publications Sage CA: Thousand Oaks, CA},
	Title = {Toward efficient trajectory planning: The path-velocity decomposition},
	Volume = {5},
	Year = {1986}}

@article{Shalev2017,
	Author = {Shalev-Shwartz, Shai and Shammah, Shaked and Shashua, Amnon},
	Date-Added = {2019-04-29 17:56:42 +0200},
	Date-Modified = {2019-04-29 17:56:55 +0200},
	Journal = {arXiv preprint arXiv:1708.06374},
	Title = {On a formal model of safe and scalable self-driving cars},
	Year = {2017}}

@article{Browne2012,
	Author = {Browne, Cameron B and Powley, Edward and Whitehouse, Daniel and Lucas, Simon M and Cowling, Peter I and Rohlfshagen, Philipp and Tavener, Stephen and Perez, Diego and Samothrakis, Spyridon and Colton, Simon},
	Date-Added = {2019-04-29 14:57:30 +0200},
	Date-Modified = {2019-04-29 14:57:42 +0200},
	Journal = {IEEE Transactions on Computational Intelligence and AI in games},
	Number = {1},
	Pages = {1--43},
	Publisher = {IEEE},
	Title = {A survey of monte carlo tree search methods},
	Volume = {4},
	Year = {2012}}

@inproceedings{Werling2010,
	Author = {Werling, Moritz and Ziegler, Julius and Kammel, S{\"o}ren and Thrun, Sebastian},
	Booktitle = {2010 IEEE International Conference on Robotics and Automation},
	Date-Added = {2019-04-29 14:01:08 +0200},
	Date-Modified = {2019-04-29 14:01:24 +0200},
	Organization = {IEEE},
	Pages = {987--993},
	Title = {Optimal trajectory generation for dynamic street scenarios in a frenet frame},
	Year = {2010}}

@book{Grimme2018,
	Author = {Grimme, Christian and Bossek, Jakob},
	Date-Added = {2019-04-29 12:54:05 +0200},
	Date-Modified = {2019-04-29 12:54:16 +0200},
	Publisher = {Springer-Verlag},
	Title = {Einf{\"u}hrung in die Optimierung: Konzepte, Methoden und Anwendungen},
	Year = {2018}}

@misc{Papageorgiou1991,
	Author = {Papageorgiou, M and Leibold, M and Buss, M},
	Date-Added = {2019-04-29 08:33:20 +0200},
	Date-Modified = {2019-04-29 08:33:51 +0200},
	Publisher = {Oldenbourg, M unchen},
	Title = {Optimierung, Statische, Dynamische, Stochastische Verfahren f ur die Anwendung},
	Year = {1991}}

@article{Graichen2012,
	Author = {Graichen, Knut},
	Date-Added = {2019-04-26 10:51:13 +0200},
	Date-Modified = {2019-04-26 10:51:26 +0200},
	Journal = {Vorlesungsmanuskript WS},
	Title = {Methoden der Optimierung und optimalen Steuerung},
	Volume = {2013},
	Year = {2012}}

@book{Follinger1988,
	Author = {F{\"o}llinger, Otto and Roppenecker, Guenter},
	Date-Added = {2019-04-26 10:49:58 +0200},
	Date-Modified = {2019-04-26 10:50:08 +0200},
	Publisher = {Oldenbourg},
	Title = {Optimierung dynamischer Systeme: eine Einfuehrung fuer Ingenieure; mit 7 Tabellen und 16 Uebungsaufgaben mit genauer Darstellung des Loesungsweges},
	Year = {1988}}

@book{Werling2011,
	Author = {Werling, Moritz},
	Date-Added = {2019-04-26 07:44:50 +0200},
	Date-Modified = {2019-04-26 07:45:05 +0200},
	Publisher = {KIT Scientific Publishing},
	Title = {Ein neues Konzept f{\"u}r die Trajektoriengenerierung und-stabilisierung in zeitkritischen Verkehrsszenarien},
	Volume = {34},
	Year = {2011}}

@misc{Spiess2014,
	Author = {Spie{\ss}, E},
	Date-Added = {2019-04-25 13:54:32 +0000},
	Date-Modified = {2019-04-25 14:06:05 +0000},
	Title = {Kooperation. Herausgegeben von Antonius Wirtz. Dorsch--Lexikon der Psychologie. Verlag Hans Huber},
	Year = {2014}}

@article{Doran1997,
	Author = {Doran, Jim E and Franklin, SRJN and Jennings, Nicholas R and Norman, Timothy J},
	Date-Added = {2019-04-25 13:47:09 +0000},
	Date-Modified = {2019-04-25 13:47:19 +0000},
	Journal = {The Knowledge Engineering Review},
	Number = {3},
	Pages = {309--314},
	Publisher = {Cambridge University Press},
	Title = {On cooperation in multi-agent systems},
	Volume = {12},
	Year = {1997}}

@article{Cao1997,
	Author = {Cao, Y Uny and Fukunaga, Alex S and Kahng, Andrew},
	Date-Added = {2019-04-25 13:44:40 +0000},
	Date-Modified = {2019-04-25 13:45:01 +0000},
	Journal = {Autonomous robots},
	Number = {1},
	Pages = {7--27},
	Publisher = {Springer},
	Title = {Cooperative mobile robotics: Antecedents and directions},
	Volume = {4},
	Year = {1997}}

@inproceedings{Schwarting2014,
	Author = {Schwarting, Wilko and Pascheka, Patrick},
	Booktitle = {17th International IEEE Conference on Intelligent Transportation Systems (ITSC)},
	Date-Added = {2019-04-25 13:35:49 +0000},
	Date-Modified = {2019-04-25 13:35:57 +0000},
	Organization = {IEEE},
	Pages = {1039--1044},
	Title = {Recursive conflict resolution for cooperative motion planning in dynamic highway traffic},
	Year = {2014}}

@inproceedings{Ulbrich2015,
	Author = {Ulbrich, Simon and Grossjohann, Simon and Appelt, Christian and Homeier, Kai and Rieken, Jens and Maurer, Markus},
	Booktitle = {2015 IEEE 18th International Conference on Intelligent Transportation Systems},
	Date-Added = {2019-04-25 13:34:34 +0000},
	Date-Modified = {2019-04-25 13:34:46 +0000},
	Organization = {IEEE},
	Pages = {2159--2165},
	Title = {Structuring cooperative behavior planning implementations for automated driving},
	Year = {2015}}

@inproceedings{Lenz2016,
	Author = {Lenz, David and Kessler, Tobias and Knoll, Alois},
	Booktitle = {2016 IEEE Intelligent Vehicles Symposium (IV)},
	Date-Added = {2019-04-25 13:32:22 +0000},
	Date-Modified = {2019-04-25 13:32:31 +0000},
	Organization = {IEEE},
	Pages = {447--453},
	Title = {Tactical cooperative planning for autonomous highway driving using Monte-Carlo Tree Search},
	Year = {2016}}

@article{Naumann2017towards,
	Author = {Naumann, Maximilian and Stiller, Christoph},
	Date-Added = {2019-04-25 13:29:39 +0000},
	Date-Modified = {2019-04-25 13:30:16 +0000},
	Journal = {arXiv preprint arXiv:1708.06962},
	Title = {Towards cooperative motion planning for automated vehicles in mixed traffic},
	Year = {2017}}

@article{Rathgeber2016,
	Author = {Rathgeber, Christian},
	Date-Added = {2019-04-24 18:54:28 +0200},
	Date-Modified = {2019-04-24 18:54:41 +0200},
	Title = {Trajektorienplanung und-folgeregelung f{\"u}r assistiertes bis hochautomatisiertes Fahren},
	Year = {2016}}

@book{Ziegler2017,
	Author = {Ziegler, Julius},
	Date-Added = {2019-04-24 17:01:06 +0200},
	Date-Modified = {2019-04-24 17:01:26 +0200},
	Publisher = {KIT Scientific Publishing},
	Title = {Optimale Trajektorienplanung f{\"u}r Automobile},
	Volume = {35},
	Year = {2017}}

@article{Naumann2017,
	Author = {Naumann, Maximilian and Orzechowski, Piotr F and Burger, Christoph and Tas, OS and Stiller, Christoph},
	Date-Added = {2019-04-20 10:26:19 +0200},
	Date-Modified = {2019-04-20 10:26:53 +0200},
	Journal = {AAET Automatisiertes und vernetztes Fahren. Braunschweig, Germany: ITS automotive nord eV},
	Pages = {287--307},
	Title = {Herausforderungen f{\"u}r die Verhaltensplanung kooperativer automatischer Fahrzeuge},
	Year = {2017}}

@inproceedings{nister_visual_2004,
	Author = {Nister, D. and Naroditsky, O. and Bergen, J.},
	Booktitle = {Proceedings of the 2004 {IEEE} {Computer} {Society} {Conference} on {Computer} {Vision} and {Pattern} {Recognition}},
	Doi = {10.1109/CVPR.2004.1315094},
	Month = jun,
	Pages = {652--659},
	Title = {Visual odometry},
	Url = {http://dx.doi.org/10.1109/CVPR.2004.1315094},
	Volume = {1},
	Year = {2004},
	Bdsk-Url-1 = {http://dx.doi.org/10.1109/CVPR.2004.1315094}}

@book{Stiller2006,
	Address = {Aachen},
	Author = {Stiller, Christoph},
	Isbn = {3-8322-5582-6; 978-3-8322-5582-4},
	Publisher = {Shaker},
	Series = {Berichte aus der Steuerungs- und Regelungstechnik},
	Title = {Grundlagen der Mess- und Regelungstechnik},
	Year = {2006}}

@inbook{Stiller2015,
	Address = {Wiesbaden},
	Author = {Stiller, Christoph and Bachmann, Alexander and Geiger, Andreas},
	Chapter = {Maschinelles Sehen},
	Doi = {10.1007/978-3-658-05734-3_21},
	Editor = {Winner, Hermann and Hakuli, Stephan and Lotz, Felix and Singer, Christina},
	Isbn = {978-3-658-05734-3},
	Pages = {369--393},
	Publisher = {Springer Fachmedien Wiesbaden},
	Title = {Handbuch Fahrerassistenzsysteme: Grundlagen, Komponenten und Systeme f{\"u}r aktive Sicherheit und Komfort},
	Url = {http://dx.doi.org/10.1007/978-3-658-05734-3_21},
	Year = {2015},
	Bdsk-Url-1 = {http://dx.doi.org/10.1007/978-3-658-05734-3_21}}

@article{Dickmanns_LaneMarking_1987,
	Author = {Dickmanns, E. D. and Zapp, A.},
	Doi = {10.1117/12.937795},
	Journal = {Proc. SPIE},
	Pages = {161-168},
	Title = {{A Curvature-based Scheme for Improving Road Vehicle Guidance by Computer Vision}},
	Url = {http://dx.doi.org/10.1117/12.937795},
	Volume = {0727},
	Year = {1987},
	Bdsk-Url-1 = {http://dx.doi.org/10.1117/12.937795}}

@online{Jagannathan2017,
	Author = {Shyam Jagannathan},
	Title = {{Udacity Self Driving Car} Project 11 Path planning},
	Url = {https://medium.com/@macchakaran/udacity-self-driving-car-project-11-path-planning-a8266eb04515},
	Urldate = {2019-04-15},
	Year = 2017,
	Bdsk-Url-1 = {https://medium.com/@macchakaran/udacity-self-driving-car-project-11-path-planning-a8266eb04515}}

@online{Judicialis,
	Author = {Protecting Internet Services GmbH},
	Title = {{Judicialis Rechtsprechung}},
	Url = {https://www.judicialis.de/Oberlandesgericht-Koblenz_1-Ss-75-02_Beschluss_02.05.2002.html},
	Urldate = {2019-05-17},
	Year = 2002,
	Bdsk-Url-1 = {https://www.judicialis.de/Oberlandesgericht-Koblenz_1-Ss-75-02_Beschluss_02.05.2002.html}}
